@article{long2008critical,
  title={The Critical Need for Software Engineering Education},
  author={Long, Lyle N},
  journal={CrossTalk},
  volume={21},
  number={1},
  pages={6--10},
  year={2008},
  publisher={Citeseer}
}